%% This BibTeX bibliography file was created using BibDesk.
%% http://bibdesk.sourceforge.net/


%% Created for Greg Scontras at 2016-08-04 14:02:18 -0700 


%% Saved with string encoding Unicode (UTF-8) 



@inproceedings{montague1973,
	Address = {Dordrecht},
	Author = {Montague, Richard},
	Booktitle = {Approaches to Natural Language},
	Date-Added = {2016-08-04 20:57:43 +0000},
	Date-Modified = {2016-08-04 21:01:25 +0000},
	Editor = {K J J Hintikka and J M E Moravcsik and P Suppes},
	Pages = {221-242},
	Publisher = {Reidel},
	Series = {Synthese Library},
	Title = {The Proper Treatment of Quantification in Ordinary English},
	Volume = {49},
	Year = {1973}}

@phdthesis{may1977,
	Author = {May, Robert},
	Date-Added = {2016-08-04 20:57:36 +0000},
	Date-Modified = {2016-08-04 21:01:37 +0000},
	School = {Massachusetts Institute of Technology},
	Title = {The Grammar of Quantification},
	Year = {1977}}

@article{goodmanstuhlmuller2013,
	Author = {Goodman, Noah D and Stuhlm\"{u}ller, Andreas},
	Date-Added = {2016-08-04 20:49:08 +0000},
	Date-Modified = {2016-08-04 21:02:18 +0000},
	Journal = {Topics in Cognitive Science},
	Pages = {173-184},
	Title = {Knowledge and Implicature: Modeling Language Understanding as Social Cognition},
	Volume = {5},
	Year = {2013}}

@incollection{lassitergoodman2013,
	Author = {Lassiter, Daniel and Goodman, Noah D},
	Booktitle = {Proceedings of {SALT} 23},
	Date-Added = {2016-08-04 20:48:52 +0000},
	Date-Modified = {2016-08-04 21:02:00 +0000},
	Editor = {Todd Snider},
	Pages = {587-610},
	Publisher = {CLC Publications},
	Title = {Context, scale structure, and statistics in the interpretation of positive-form adjectives},
	Year = {2013}}

@misc{dippl,
	Author = {Goodman, Noah D and Stuhlm\"{u}ller, Andreas},
	Howpublished = {\url{http://dippl.org}},
	Note = {Accessed: 2016-1-26},
	Title = {The Design and Implementation of Probabilistic Programming Languages},
	Url = {http://dippl.org},
	Year = {2014},
	Bdsk-Url-1 = {http://dippl.org}}
